<record><leader>01827cam a2200373 i 45 0</leader><controlfield tag="001">6849663</controlfield><controlfield tag="003">OCoLC</controlfield><controlfield tag="005">20150309120943.0</controlfield><controlfield tag="008">140710t20152014nyu           000 f eng d</controlfield><datafield ind1=" " ind2=" " tag="020"><subfield code="a">0425256278</subfield></datafield><datafield ind1=" " ind2=" " tag="020"><subfield code="a">9780425256275</subfield></datafield><datafield ind1=" " ind2=" " tag="035"><subfield code="a">ocn883367261</subfield></datafield><datafield ind1=" " ind2=" " tag="040"><subfield code="a">YDXCP</subfield><subfield code="b">eng</subfield><subfield code="e">rda</subfield><subfield code="c">YDXCP</subfield><subfield code="d">BTCTA</subfield><subfield code="d">BDX</subfield><subfield code="d">OCLCQ</subfield><subfield code="d">ZS3</subfield><subfield code="d">AEVC</subfield></datafield><datafield ind1="0" ind2="4" tag="082"><subfield code="a">813/.6</subfield><subfield code="2">23</subfield></datafield><datafield ind1=" " ind2=" " tag="090"><subfield code="a">Fantasy BRI</subfield><subfield code="b">AEVC</subfield></datafield><datafield ind1="1" ind2=" " tag="100"><subfield code="a">Briggs, Patricia,</subfield><subfield code="e">author.</subfield></datafield><datafield ind1="1" ind2="0" tag="245"><subfield code="a">Night broken /</subfield><subfield code="c">Patricia Briggs.</subfield></datafield><datafield ind1=" " ind2=" " tag="250"><subfield code="a">Ace mass-market edition.</subfield></datafield><datafield ind1=" " ind2="1" tag="264"><subfield code="a">New York :</subfield><subfield code="b">Ace Books,</subfield><subfield code="c">2015.</subfield></datafield><datafield ind1=" " ind2="4" tag="264"><subfield code="c">&#169;2014</subfield></datafield><datafield ind1=" " ind2=" " tag="300"><subfield code="a">292 pages :</subfield><subfield code="b">map ;</subfield><subfield code="c">18 cm</subfield></datafield><datafield ind1=" " ind2=" " tag="336"><subfield code="a">text</subfield><subfield code="b">txt</subfield><subfield code="2">rdacontent</subfield></datafield><datafield ind1=" " ind2=" " tag="337"><subfield code="a">unmediated</subfield><subfield code="b">n</subfield><subfield code="2">rdamedia</subfield></datafield><datafield ind1=" " ind2=" " tag="338"><subfield code="a">volume</subfield><subfield code="2">rdacarrier</subfield></datafield><datafield ind1="1" ind2=" " tag="490"><subfield code="a">A Mercy Thompson novel</subfield></datafield><datafield ind1=" " ind2=" " tag="520"><subfield code="a">"When her mate's ex-wife storms back into their lives, Mercy knows something isn't right. Christy has the furthest thing from good intentions--she wants Adam back, and she's willing to do whatever it takes to get him, including turning the pack against Mercy. Mercy isn't about to step down without a fight, but there's a more dangerous threat circling. As the bodies start piling up, she must put her personal troubles aside to face a creature with the power to tear her whole world apart."-- From back cover.</subfield></datafield><datafield ind1=" " ind2=" " tag="596"><subfield code="a">3</subfield></datafield><datafield ind1=" " ind2="0" tag="650"><subfield code="a">Thompson, Mercy (Fictitious character)</subfield><subfield code="v">Fiction.</subfield></datafield><datafield ind1=" " ind2="0" tag="650"><subfield code="a">Shapeshifting</subfield><subfield code="v">Fiction.</subfield></datafield><datafield ind1=" " ind2="0" tag="650"><subfield code="a">Werewolves</subfield><subfield code="v">Fiction.</subfield></datafield><datafield ind1=" " ind2="7" tag="655"><subfield code="a">Fantasy fiction.</subfield><subfield code="2">gsafd</subfield></datafield><datafield ind1="0" ind2="8" tag="775"><subfield code="i">Reproduction of (manfestation):</subfield><subfield code="a">Briggs, Patricia.</subfield><subfield code="t">Night broken</subfield><subfield code="d">New York : Ace Books, 2014</subfield><subfield code="h">xi, 341 pages ; 24 cm</subfield><subfield code="w">(DLC)  2013043339</subfield></datafield><datafield ind1="1" ind2=" " tag="800"><subfield code="a">Briggs, Patricia.</subfield><subfield code="t">Mercy Thompson novels.</subfield></datafield><datafield ind1=" " ind2=" " tag="926"><subfield code="a">Fantasy BRI</subfield><subfield code="w">ASIS</subfield><subfield code="c">1</subfield><subfield code="i">33862001359045</subfield><subfield code="d">2/8/2016</subfield><subfield code="e">2/4/2016</subfield><subfield code="l">PAPERBACKS</subfield><subfield code="m">NORQ_MAIN</subfield><subfield code="n">1</subfield><subfield code="p">$7.49</subfield><subfield code="r">Y</subfield><subfield code="s">Y</subfield><subfield code="t">PAPERBACK</subfield><subfield code="u">5/5/2015</subfield></datafield></record>